%
% Copyright (c) 2005 IBM Corporation and others.
% All rights reserved. This program and the accompanying materials
% are made available under the terms of the Common Public License v1.0
% which accompanies this distribution, and is available at
% http://www.eclipse.org/legal/cpl-v10.html
%
% Contributors: 
% IBM - Initial implementation
%
@book{Mueller:2006,
  author = "Erik T. Mueller",
  year = "2006",
  title = "Commonsense Reasoning",
  address = "San Francisco",
  publisher = "Morgan Kaufmann/Elsevier",
}

@incollection{MillerShanahan:2002,
  author = "Rob Miller and Murray Shanahan",
  year = "2002",
  title = "Some alternative formulations of the event calculus",
  editor = "Antonis C. Kakas and Fariba Sadri",
  booktitle = "Computational Logic: Logic Programming and Beyond: Essays in Honour of \uppercase{R}obert \uppercase{A}. \uppercase{K}owalski, Part \uppercase{II}",
  series = "Lecture Notes in Computer Science",
  volume = "2408",
  pages = "452--490",
  address = "Berlin",
  publisher = "Springer",
}

@book{Shanahan:1997,
  author = "Murray Shanahan",
  year = "1997",
  title = "Solving the Frame Problem",
  address = "Cambridge, MA",
  publisher = "MIT Press",
}

@techreport{DIMACS:1993,
  author = "DIMACS",
  year = "1993",
  title = "Satisfiability Suggested Format",
  institution = "Center for Discrete Mathematics and Theoretical Computer Science",
}

@book{Walther:1987,
  author = "Christoph Walther",
  year = "1987",
  title = "A Many-Sorted Calculus Based on Resolution and Paramodulation",
  address = "London",
  publisher = "Pitman",
}

@unpublished{deNivelle:1999,
  author = "Hans {de Nivelle}",
  year = "1999",
  title = "Bliksem 1.10 User Manual",
  howpublished = "Saarbr{\"{u}}cken, Germany: Max-Planck Institut f{\"{u}}r Informatik",
}

@inproceedings{BayardoSchrag:1997,
  author = "Roberto J. {Bayardo Jr.} and Robert C. Schrag",
  year = "1997",
  title = "Using \uppercase{CSP} look-back techniques to solve real world \uppercase{SAT} instances",
  booktitle = "Proceedings of the Fourteenth National Conference on Artificial Intelligence and Ninth Innovative Applications of Artificial Intelligence Conference",
  pages = "203--208",
  address = "Menlo Park, CA",
  publisher = "AAAI Press",
}

@incollection{SelmanKautzCohen:1993,
  author = "Bart Selman and Henry A. Kautz and Bram Cohen",
  year = "1993",
  title = "Local search strategies for satisfiability testing",
  editor = "David S. Johnson and Michael A. Trick",
  booktitle = "Cliques, Coloring, and Satisfiability: Second DIMACS Implementatio
n Challenge",
  series = "DIMACS Series in Discrete Mathematics and Theoretical Computer Scienc
e",
  volume = "26",
  address = "Boston, MA",
  publisher = "American Mathematical Society",
}

@article{PlaistedGreenbaum:1986,
  author = "David A. Plaisted and Steven Greenbaum",
  year = "1986",
  title = "A structure-preserving clause form translation",
  journal = "Journal of Symbolic Computation",
  volume = "2",
  pages = "293--304",
}

@inproceedings{GiunchigliaSebastiani:1999,
  author = "Enrico Giunchiglia and Roberto Sebastiani",
  year = "1999",
  title = "Applying the \uppercase{D}avis-\uppercase{P}utnam procedure to non-clausal formulas",
  booktitle = "Proceedings of the Sixth Congress of the Italian Association for Artificial Intelligence",
  address = "Bologna",
}

@article{Mueller:2004a,
  author = "Erik T. Mueller",
  year = "2004",
  title = "Event calculus reasoning through satisfiability",
  journal = "Journal of Logic and Computation",
  volume = "14",
  number = "5",
  pages = "703--730",
}

@inproceedings{Mueller:2004b,
  author = "Erik T. Mueller",
  year = "2004",
  title = "A tool for satisfiability-based commonsense reasoning in the event calculus",
  editor = "Valerie Barr and Zdravko Markov",
  booktitle = "Proceedings of the Seventeenth International Florida Artificial Intelligence Research Society Conference",
  pages = "147--152",
  address = "Menlo Park, CA",
  publisher = "AAAI Press",
}

@inproceedings{EenSorensson:2004,
  author = "Niklas E\'{e}n and Niklas S{\"{o}}rensson",
  year = "2004",
  title = "An Extensible \uppercase{SAT}-solver",
  editor = "Enrico Giunchiglia and Armando Tacchella",
  booktitle = "Theory and Applications of Satisfiability Testing, 6th International Conference, \uppercase{SAT} 2003",
  series = "Lecture Notes in Computer Science",
  volume = "2919",
  pages = "502--518",
  address = "Berlin",
  publisher = "Springer",
}
